@article{watteyne16peach,
  TITLE = {{PEACH: Predicting Frost Events in Peach Orchards Using IoT Technology}},
  AUTHOR = {Watteyne, Thomas and Diedrichs, Ana Laura and Brun-Laguna, Keoma and Chaar, Javier Emilio and Dujovne, Diego and Taffernaberry, Juan Carlos and Mercado, Gustavo},
  URL = {https://hal.inria.fr/hal-01312685},
  JOURNAL = {{EAI Endorsed Transactions on the Internet of Things}},
  YEAR = {2016},
  MONTH = Jun,
  HAL_ID = {hal-01312685},
  HAL_VERSION = {v1},
}

